@article{Isi2019,
  author        = {{Isi}, Maximiliano and {Chatziioannou}, Katerina and {Farr}, Will M.},
  title         = {{Hierarchical Test of General Relativity with Gravitational Waves}},
  journal       = {\prl},
  keywords      = {General Relativity and Quantum Cosmology, Astrophysics - High Energy Astrophysical Phenomena, Physics - Data Analysis, Statistics and Probability},
  year          = 2019,
  month         = sep,
  volume        = {123},
  number        = {12},
  eid           = {121101},
  pages         = {121101},
  doi           = {10.1103/PhysRevLett.123.121101},
  archiveprefix = {arXiv},
  eprint        = {1904.08011},
  primaryclass  = {gr-qc},
  adsurl        = {https://ui.adsabs.harvard.edu/abs/2019PhRvL.123l1101I},
  adsnote       = {Provided by the SAO/NASA Astrophysics Data System}
}

@article{Isi2022,
  author        = {{Isi}, Maximiliano and {Farr}, Will M. and {Chatziioannou}, Katerina},
  title         = {{Comparing Bayes factors and hierarchical inference for testing general relativity with gravitational waves}},
  journal       = {\prd},
  keywords      = {General Relativity and Quantum Cosmology, Astrophysics - High Energy Astrophysical Phenomena},
  year          = 2022,
  month         = jul,
  volume        = {106},
  number        = {2},
  eid           = {024048},
  pages         = {024048},
  doi           = {10.1103/PhysRevD.106.024048},
  archiveprefix = {arXiv},
  eprint        = {2204.10742},
  primaryclass  = {gr-qc},
  adsurl        = {https://ui.adsabs.harvard.edu/abs/2022PhRvD.106b4048I},
  adsnote       = {Provided by the SAO/NASA Astrophysics Data System}
}

@article{Luger2021,
  author        = { {Luger}, Rodrigo and {Bedell}, Megan and {Foreman-Mackey}, Daniel and {Crossfield}, Ian J.~M. and {Zhao}, Lily L. and {Hogg}, David W.},
  title         = {{Mapping stellar surfaces III: An Efficient, Scalable, and Open-Source Doppler Imaging Model}},
  journal       = {arXiv e-prints},
  keywords      = {Astrophysics - Solar and Stellar Astrophysics, Astrophysics - Earth and Planetary Astrophysics, Astrophysics - Instrumentation and Methods for Astrophysics},
  year          = 2021,
  month         = oct,
  eid           = {arXiv:2110.06271},
  pages         = {arXiv:2110.06271},
  archiveprefix = {arXiv},
  eprint        = {2110.06271},
  primaryclass  = {astro-ph.SR},
  adsurl        = {https://ui.adsabs.harvard.edu/abs/2021arXiv211006271L},
  adsnote       = {Provided by the SAO/NASA Astrophysics Data System}
}

@article{Pacilio2023,
  author        = {{Pacilio}, Costantino and {Gerosa}, Davide and {Bhagwat}, Swetha},
  title         = {{The cosmic variance of testing general relativity with gravitational-wave catalogs}},
  journal       = {arXiv e-prints},
  keywords      = {General Relativity and Quantum Cosmology, Astrophysics - High Energy Astrophysical Phenomena, High Energy Physics - Phenomenology, Physics - Data Analysis, Statistics and Probability},
  year          = 2023,
  month         = oct,
  eid           = {arXiv:2310.03811},
  pages         = {arXiv:2310.03811},
  doi           = {10.48550/arXiv.2310.03811},
  archiveprefix = {arXiv},
  eprint        = {2310.03811},
  primaryclass  = {gr-qc},
  adsurl        = {https://ui.adsabs.harvard.edu/abs/2023arXiv231003811P},
  adsnote       = {Provided by the SAO/NASA Astrophysics Data System}
}

@article{Payne2023,
  author        = {{Payne}, Ethan and {Isi}, Maximiliano and {Chatziioannou}, Katerina and {Farr}, Will M.},
  title         = {{Fortifying gravitational-wave tests of general relativity against astrophysical assumptions}},
  journal       = {arXiv e-prints},
  keywords      = {General Relativity and Quantum Cosmology, Astrophysics - High Energy Astrophysical Phenomena, Astrophysics - Instrumentation and Methods for Astrophysics},
  year          = 2023,
  month         = sep,
  eid           = {arXiv:2309.04528},
  pages         = {arXiv:2309.04528},
  doi           = {10.48550/arXiv.2309.04528},
  archiveprefix = {arXiv},
  eprint        = {2309.04528},
  primaryclass  = {gr-qc},
  adsurl        = {https://ui.adsabs.harvard.edu/abs/2023arXiv230904528P},
  adsnote       = {Provided by the SAO/NASA Astrophysics Data System}
}

@article{TheLIGOScientificCollaboration2021,
  author        = {{The LIGO Scientific Collaboration} and {the Virgo Collaboration} and {the KAGRA Collaboration} and {Abbott}, R. and {Abe}, H. and {Acernese}, F. and {Ackley}, K. and {Adhikari}, N. and {Adhikari}, R.~X. and {Adkins}, V.~K. and et al.},
  title         = {{Tests of General Relativity with GWTC-3}},
  journal       = {arXiv e-prints},
  keywords      = {General Relativity and Quantum Cosmology, Astrophysics - High Energy Astrophysical Phenomena, High Energy Physics - Theory},
  year          = 2021,
  month         = dec,
  eid           = {arXiv:2112.06861},
  pages         = {arXiv:2112.06861},
  doi           = {10.48550/arXiv.2112.06861},
  archiveprefix = {arXiv},
  eprint        = {2112.06861},
  primaryclass  = {gr-qc},
  adsurl        = {https://ui.adsabs.harvard.edu/abs/2021arXiv211206861T},
  adsnote       = {Provided by the SAO/NASA Astrophysics Data System}
}